@incollection{hanson2005visualizing,
  title={Visualizing quaternions},
  author={Hanson, Andrew J},
  booktitle={ACM SIGGRAPH 2005 Courses},
  pages={1--es},
  year={2005}
}
@book{vince2008geometric,
  title={Geometric algebra for computer graphics},
  author={Vince, John},
  year={2008},
  publisher={Springer Science \& Business Media}
}
@book{vince2006mathematics,
  title={Mathematics for computer graphics},
  author={Vince, John and Vince, John A},
  volume={251},
  year={2006},
  publisher={Springer}
}